@book{Lurton.2010,
	author = {Lurton, Xavier},
	year = {2010},
	title = {Underwater Acoustics - An Introduction to Underwater Acoustics Principles and Applications},
	edition = {},
	isbn = {978-3-540-78480-7},
	publisher = {Springer Berlin Heidelberg},
	address = {Wiesbaden},
   keywords = {own},
}

@book{Li.2012,
	author = {Li, Qihu},
	year = {2012},
	title = {Digital Sonar Design in Underwater Acoustics - Principles and Applications},
	edition = {},
	isbn = {978-3-642-18290-7},
	publisher = {Springer Science \& Business Media},
	address = {Berlin Heidelberg},
}